<?xml version="1.0" encoding="UTF-8"?><collection xmlns="http://www.loc.gov/MARC21/slim"><record><leader>00404nam--2200133-i-4500</leader><controlfield tag="001">000012855</controlfield><controlfield tag="002">20161230</controlfield><controlfield tag="005">20161230201030</controlfield><controlfield tag="008">060222s1000------------r-----000-0-eng-d</controlfield><datafield ind1=" " ind2=" " tag="100"><subfield code="a">Cullen, G.W.And Wang, C.C</subfield></datafield><datafield ind1=" " ind2=" " tag="245"><subfield code="a">Heteroepitaxial semiconductors for electronic devices. with contributions by v.s.ban/s.a.</subfield></datafield><datafield ind1=" " ind2=" " tag="260"><subfield code="a">New York, Springer-verlag, 1978</subfield></datafield><datafield ind1=" " ind2=" " tag="490"><subfield code="a">Xi+299p</subfield></datafield><datafield ind1=" " ind2=" " tag="852"><subfield code="a">621.382:537.222.22</subfield></datafield></record></collection>